@Book{Arabi1980,
  author    = {Ibn Arabi},
  publisher = {Paulist Press International},
  title     = {Bezels of Wisdom},
  year      = {1980},
  address   = {U.S.},
}

@Book{Tomberg2006,
  author    = {Valentin Tomberg},
  publisher = {SteinerBooks},
  title     = {Christ and Sophia: anthroposophic meditations on the Old Testament, New Testament, and apocalypse},
  year      = {2006},
}

@Book{Tomberg2009,
  author    = {Tomberg, Valentin},
  publisher = {LogoSophia},
  title     = {The Wandering Fool: Love and Its Symbols, Early Studies on the Tarot},
  year      = {2009},
  address   = {San Rafael, CA},
}

@Book{Tomberg2006a,
  author    = {Valentin Tomberg},
  publisher = {Lindisfarne Books},
  title     = {Lazarus, Come Forth!: Meditations of a Christian Esotericist on the Mysteries of the Raising of Lazarus},
  year      = {2006},
}

@Book{Tomberg1992,
  author    = {Valentin Tomberg},
  publisher = {SteinerBooks},
  title     = {Inner Development},
  year      = {1992},
}

@Book{Tomberg2010,
  author    = {Valentin Tomberg},
  publisher = {INgrooves},
  title     = {Russian Spirituality And Other Essays: Mysteries of Our Time seen through the eyes of a Russian Esotericist},
  year      = {2010},
}

@Book{Mouravieff1989,
  author    = {Boris Mouravieff},
  publisher = {Praxis Institute Press},
  title     = {Gnosis: Study and Commentaries on the Esoteric Tradition of Eastern Orthodoxy},
  year      = {1989},
  series    = {3 vol.},
}

@Book{Heart2005,
  author    = {George Heart},
  publisher = {Trafford Publishing},
  title     = {Christianity : Dogmatic Faith and Gnostic vivifying Knowledge},
  year      = {2005},
  address   = {Canada},
  comment   = {Available online},
  url       = {https://didaskalex.org/book/Faith-Hope- Knowledge\&Love.pdf},
}

@Book{Lewis2017,
  author    = {Clive Staples Lewis},
  publisher = {HarperOne},
  title     = {Till We Have Faces: A Myth Retold},
  year      = {2017},
}

@Book{Lewis2012,
  author    = {Clive Staples Lewis},
  publisher = {Cambridge University Press},
  title     = {The Discarded Image: An Introduction to Medieval and Renaissance Literature},
  year      = {2012},
}

@Book{Scupoli1978,
  author    = {Lorenzo Scupoli},
  publisher = {St Vladimir's Seminary Press},
  title     = {Unseen Warfare: The Spiritual Combat and Path to Paradise},
  year      = {1978},
  address   = {U. S.},
  comment   = {Edited by Nicodemus of the Holy Mountain and revised by Theophan the Recluse},
}

@Book{TheophantheRecluse2000,
  author    = {Theophan~the~Recluse},
  publisher = {Saint Herman of Alaska Brotherhood},
  title     = {The Spiritual Life and How to be Attuned to it},
  year      = {2000},
}

@Book{TheophantheRecluse1997,
  author    = {Theophan~the~Recluse},
  publisher = {Saint Herman of Alaska Brotherhood},
  title     = {The Path to Salvation: A Manual of Spiritual Transformation},
  year      = {1997},
}

@Book{Volodazhkin2012,
  author    = {Eugene Volodazhkin},
  publisher = {Oneworld},
  title     = {Laurus},
  year      = {2012},
}

@Book{ThaddeusofVitovnica2009,
  author    = {Thaddeus~of~Vitovnica},
  publisher = {St. Herman of Alaska Brotherhood},
  title     = {Our Thoughts Determine Our Lives: The Life and Teachings of Elder Thaddeus of Vitovnica},
  year      = {2009},
}

@Book{Giorgio2019,
  author    = {Guido de Giorgio},
  publisher = {Arch\`e Edizioni},
  title     = {Dio e il Poeta},
  year      = {2019},
}

@Book{Barfield2011,
  author    = {Owen Barfield},
  publisher = {Barfield Press},
  title     = {Saving the Appearances: a Study in Idolatry},
  year      = {2011},
  address   = {UK},
}

@Book{Barfield2010,
  author    = {Owen Barfield},
  publisher = {Barfield Press},
  title     = {Poetic Diction: A Study in Meaning},
  year      = {2010},
  address   = {UK},
}

@Book{Giorgio1999,
  author    = {Guido de Giorgio},
  publisher = {Arch\`e Edizioni},
  title     = {Aforismi e Poesie},
  year      = {1999},
}

@Book{Giorgio2017,
  author    = {Guido de Giorgio},
  publisher = {Cinabro Edizioni},
  title     = {Studi su Dante: Scritti inediti sulla Divina Commedia},
  year      = {2017},
}

@Book{Giorgio1989,
  author    = {Guido de Giorgio},
  publisher = {Edizioni Mediterranee},
  title     = {La Tradizione Romana},
  year      = {1989},
}

@Book{MacDonald2001,
  author    = {George MacDonald},
  publisher = {Everyman's Library},
  title     = {At the Back of the North Wind},
  year      = {2001},
}

@Book{MacDonald2006,
  author    = {George MacDonald},
  publisher = {Waking Lion Press},
  title     = {Phantastes: A Faerie Romance for Men and Women},
  year      = {2006},
}

@Book{Merton1999,
  author    = {Thomas Merton},
  publisher = {Harcourt Brace and Co.},
  title     = {The Seven Storey Mountain},
  year      = {1999},
}

@Book{Gilson1955,
  author    = {\'Etienne Gilson},
  publisher = {Sheed and Ward},
  title     = {The Mystical Theology of Saint Bernard},
  year      = {1955},
}

@Book{Serrano1988,
  author    = {Miguel Serrano},
  publisher = {Penguin Books},
  title     = {Nos: Book of the Resurrection},
  year      = {1988},
}

@Book{Barfield2012,
  author    = {Owen Barfield},
  publisher = {Barfield Press},
  title     = {Romanticism Comes of Age},
  year      = {2012},
}

@Book{Jaynes2000,
  author    = {Julian Jaynes},
  publisher = {Mariner Books},
  title     = {The Origin of Consciousness in the Breakdown of the Bicameral Mind},
  year      = {2000},
}

@Book{Seiss1991,
  author    = {Willi Seiss},
  publisher = {Achamoth},
  title     = {Chakra-Werk. Okkulte Unterrichtsbriefe. Der Weg der h\"oheren Erkenntnisse auf der Grundlage der Chakra-Kunde},
  year      = {1991},
  address   = {Owingen-Taisersdorf},
}

@Book{Sadhu1957,
  author    = {Mouni Sadhu},
  publisher = {Allen and Unwin},
  title     = {In Days of Great Peace},
  year      = {1957},
}

@Book{Pales2009,
  author    = {Emil Pales},
  publisher = {Sophia Publishing House},
  title     = {Seven Archangels: Rhythms of Inspiration in the History of Culture and Nature},
  year      = {2009},
  address   = {Bratislava},
}

@Book{Nagel2012,
  author    = {Thomas Nagel},
  publisher = {Oxford University Press},
  title     = {Mind and Cosmos: Why the Materialist Neo-Darwinian Conception of Nature is Almost Certainly False},
  year      = {2012},
}

@Book{Dembski2010,
  author    = {William Dembski},
  publisher = {IVP},
  title     = {Intelligent Design Uncensored: An Easy-to-Understand Guide to the Controversy},
  year      = {2010},
}

@Book{Popper1988,
  author = {Karl Popper},
  title  = {The Open Universe: An Argument for Indeterminism},
  year   = {1988},
}

@Book{Lonergan1992,
  author    = {Bernard Lonergan},
  publisher = {University of Toronto Press},
  title     = {Insight: A Study of Human Understanding},
  year      = {1992},
}

@Book{Nozick1993,
  author    = {Robert Nozick},
  publisher = {Princeton University Press},
  title     = {The Nature of Rationality},
  year      = {1993},
}

@Book{Smith2009,
  author    = {Wolfgang Smith},
  publisher = {Angelico Press},
  title     = {Christian Gnosis: From Saint Paul to Meister Eckhart},
  year      = {2009},
}

@Book{Smith2005,
  author    = {Wolfgang Smith},
  publisher = {Angelico Press},
  title     = {The Quantum Enigma: Finding the Hidden Key},
  year      = {2005},
}

@Book{Borella2017,
  author    = {Jean Borella},
  publisher = {Sophia Perennis},
  title     = {Guenonian Esoterism And Christian Mystery},
  year      = {2017},
}

@Book{Cavarnos1989,
  author    = {Constantine Cavarnos},
  publisher = {Institute for Byzantine and Modern Greek Studies},
  title     = {The Hellenic-Christian philosophical tradition: four lectures delivered at Boston University},
  year      = {1989},
  address   = {Belmont, Massachussets},
}

@Book{JohnPaulII1997,
  author    = {John~Paul~II},
  publisher = {Pauline Books and Media},
  title     = {The Theology of the Body},
  year      = {1997},
}

@Book{Hertz2015,
  author    = {Solange Hertz},
  publisher = {Tumblar House},
  title     = {Sin Revisited},
  year      = {2015},
}

@Book{Jung2010,
  author    = {Carl Gustav Jung},
  publisher = {Princeton University Press},
  title     = {Answer to Job},
  year      = {2010},
}

@Book{Guenon2017,
  author    = {René Guénon},
  publisher = {Sophia Perennis},
  title     = {Man and His Becoming according to the Vedanta},
  year      = {2017},
}

@Book{Guenon2017a,
  author    = {René Guénon},
  publisher = {Sophia Perennis},
  title     = {The Crisis of the Modern World},
  year      = {2017},
}

@Book{Guenon2017b,
  author    = {René Guénon},
  publisher = {Sophia Perennis},
  title     = {Perspectives on Initiation},
  year      = {2017},
}

@Book{FusteldeCoulanges1980,
  author    = {Numa Denis Fustel~de~Coulanges},
  publisher = {Johns Hopkins University Press},
  title     = {The Ancient City: A Study on the Religion, Laws, and Institutions of Greece and Rome},
  year      = {1980},
}

@Book{Schouppe2006,
  author    = {Franz Xaver Schouppe},
  publisher = {TAN Books},
  title     = {Purgatory: Explained by the Lives and Legends of the Saints},
  year      = {2006},
}

@Book{Christensen2004,
  author    = {John Damascene Christensen},
  publisher = {St. Hermann of Alaska Press},
  title     = {Christ, the Eternal Tao},
  year      = {2004},
}

@Book{Kornblatt2009,
  author    = {Judith Kornblatt},
  publisher = {Cornell University Press},
  title     = {Divine Sophia: The Wisdom Writings of Vladimir Solovyov},
  year      = {2009},
}

@Book{Bortoft1996,
  author    = {Henri Bortoft},
  publisher = {Lindisfarne Books},
  title     = {The Wholeness of Nature: Goethe's Way Toward a Science of Conscious Participation in Nature},
  year      = {1996},
}

@Book{Hinze2002,
  author    = {Oscar Hinze},
  publisher = {Motilal Banasirdass},
  title     = {Tantra Vidya},
  year      = {2002},
}

@Book{Coomaraswamy2004,
  author    = {Ananda Kentish Coomaraswamy},
  editor    = {Rama P. Coomaraswamy},
  publisher = {World Wisdom Inc.},
  title     = {The Essential Ananda K. Coomaraswamy},
  year      = {2004},
}

@Book{Coomaraswamy,
  author = {Ananda Kentish Coomaraswamy},
  title  = {The Vedanta and Western Tradition},
  url    = {http://religioperennis.org/documents/acoomaraswamy/vedanta.pdf},
}

@Book{Keating2006,
  author    = {Thomas Keating},
  publisher = {Continuum},
  title     = {Open Mind, Open Heart: The Contemplative Dimension of the Gospel},
  year      = {2006},
  address   = {London},
}

@Book{Nasr1997,
  author    = {Seyyed Hosein Nasr},
  publisher = {Caravan Books},
  title     = {Three Muslim Sages: Avicenna, Suhrawardi, Ibn Arabi},
  year      = {1997},
}

@Book{Schuon1982,
  author    = {Frithjof Schuon},
  publisher = {Sophia Perennis},
  title     = {Castes and Races},
  year      = {1982},
}

@Book{Vona1993,
  author    = {Piero di Vona},
  publisher = {Futura Libri},
  title     = {Evola, Guénon, De Giorgio},
  year      = {1993},
}

@Book{Watts1993,
  author    = {Alan Watts},
  publisher = {Vintage Books},
  title     = {The Book: On the Taboo Against Knowing Who You Are},
  year      = {1993},
}

@Book{Sprigge1983,
  author    = {Timothy Sprigge},
  publisher = {Edinburgh University Press},
  title     = {The Vindication of Absolute Idealism},
  year      = {1983},
}

@Book{Solovyov2005,
  author    = {Vladimir Solovyov},
  publisher = {Wm. B. Eerdmans Publishing Co.},
  title     = {The Justification of the Good: An Essay on Moral Philosophy},
  year      = {2005},
}

@Book{Tilak2018,
  author    = {Bal Gangadhar Tilak},
  publisher = {Prabhat Prakashan},
  title     = {The Arctic Home in the Vedas},
  year      = {2018},
}

@Book{Branwen2024,
  author    = {Arthur Branwen},
  publisher = {Ars Magna},
  title     = {Ultima Thulé, Julius Evola et Herman Wirth},
  year      = {2024},
}

@Book{Peirce2024,
  author    = {Charles Sanders Peirce},
  publisher = {LM Publishers},
  title     = {How to Make Our Ideas Clear: The Fixation of Our Beliefs},
  year      = {2024},
}

@Book{Duby1982,
  author    = {Georges Duby},
  publisher = {University of Chicago Press},
  title     = {The Three Orders: Feudal Society Imagined},
  year      = {1982},
}

@Book{Duby1983,
  author    = {Georges Duby},
  publisher = {University of Chicago Press},
  title     = {The Age of the Cathedrals: Art and Society, 980-1420},
  year      = {1983},
}

@Book{Pieper1998,
  author    = {Josef Pieper},
  publisher = {St Augustine Press},
  title     = {Leisure, the basisof culture},
  year      = {1998},
}

@Comment{jabref-meta: databaseType:bibtex;}
